@misc{DUMMY:1, title={Periodic Table of the Elements Density (g/cm3) (25 oC)}, url={http://chemistry.bd.psu.edu/jircitano/density.html}, journal={Density of the Elements at 300K}, author={Jircitano , Alan J.}}